<record xmlns="http://www.loc.gov/MARC21/slim" xmlns:xsi="http://www.w3.org/2001/XMLSchema-instance" xsi:schemaLocation="http://www.loc.gov/MARC21/slim http://www.loc.gov/standards/marcxml/schema/MARC21slim.xsd"><leader>00884cz   2200193n  4500</leader><controlfield tag="001">oca01238082 </controlfield><controlfield tag="005">19970407152836.6</controlfield><controlfield tag="008">841127n| acannaab|          |a aaa |||  </controlfield><datafield ind1=" " ind2=" " tag="010"><subfield code="a">n  84179566 </subfield></datafield><datafield ind1=" " ind2=" " tag="040"><subfield code="a">DLC</subfield><subfield code="c">DLC</subfield><subfield code="d">DLC</subfield></datafield><datafield ind1="0" ind2=" " tag="100"><subfield code="a">Apollodorus</subfield></datafield><datafield ind1="0" ind2=" " tag="400"><subfield code="a">Apollodōros</subfield></datafield><datafield ind1="0" ind2=" " tag="400"><subfield code="a">Abūllūdūr</subfield></datafield><datafield ind1="0" ind2=" " tag="400"><subfield code="a">Apollodoro</subfield></datafield><datafield ind1=" " ind2=" " tag="670"><subfield code="a">His The library, 1921:</subfield><subfield code="b">t.p. (Apollodorus) introd. by J.G. Frazer (9th cent. Patriarch Photius and later writers wrongly identified author of the Library with the Athenian grammarian of same name who fl. 140 B.C.</subfield></datafield><datafield ind1=" " ind2=" " tag="670"><subfield code="a">Harper's dict. of class. lit.</subfield><subfield code="b">(Doubts attribution of Bibliotheca to Apollodorus the Athenian grammarian)</subfield></datafield><datafield ind1=" " ind2=" " tag="670"><subfield code="a">Megalē Hellēnikē enkykl.</subfield><subfield code="b">(Apollodōros)</subfield></datafield><datafield ind1=" " ind2=" " tag="670"><subfield code="a">Bunnī, ʻA. Abūllūdūr al-Dimashqī, 1990:</subfield><subfield code="b">t.p. (Abūllūdūr al-Dimashqī)</subfield></datafield><datafield ind1=" " ind2=" " tag="670"><subfield code="a">I miti greci, 1996:</subfield><subfield code="b">t.p. (Apollodoro)</subfield></datafield></record>